<record xmlns="http://www.loc.gov/MARC21/slim" xmlns:xsi="http://www.w3.org/2001/XMLSchema-instance" xsi:schemaLocation="http://www.loc.gov/MARC21/slim http://www.loc.gov/standards/marcxml/schema/MARC21slim.xsd">

  <leader>00635nam a2200181Ia 4500</leader>
  <datafield ind2=" " ind1=" " tag="999">
    <subfield code="c">2042</subfield>
    <subfield code="d">2042</subfield>
  </datafield>
  <controlfield tag="008">180904b2005    cr ||||| |||| 00| | spa d</controlfield>
  <datafield tag="090" ind2=" " ind1=" ">
    <subfield code="a">09.01.01  </subfield>
    <subfield code="b">1172</subfield>
  </datafield>
  <datafield ind2=" " ind1="1" tag="100">
    <subfield code="a">Chaves Salas, Ana Lupita</subfield>
    <subfield code="9">255</subfield>
  </datafield>
  <datafield ind1="1" ind2="0" tag="245">
    <subfield code="a">Tratado de Libre Comercio Centroamérica - Estados Unidos y Educación / </subfield>
    <subfield code="c">Ana Lupita Chaves Salas</subfield>
  </datafield>
  <datafield tag="260" ind2=" " ind1=" ">
    <subfield code="a">San José, Costa Rica : </subfield>
    <subfield code="b">INIE, </subfield>
    <subfield code="c">2005</subfield>
  </datafield>
  <datafield ind1=" " ind2=" " tag="300">
    <subfield code="a">23 páginas</subfield>
  </datafield>
  <datafield tag="500" ind1=" " ind2=" ">
    <subfield code="a">Actividad de Investigación No. 724-A5-743</subfield>
  </datafield>
  <datafield ind2="4" ind1="1" tag="650">
    <subfield code="a">TRATADO DE LIBRE COMERCIO </subfield>
    <subfield code="9">2810</subfield>
  </datafield>
  <datafield tag="650" ind2="4" ind1="1">
    <subfield code="a">PROYECTO DE INVESTIGACION</subfield>
    <subfield code="9">3951</subfield>
  </datafield>
  <datafield ind2="4" ind1="1" tag="651">
    <subfield code="9">457</subfield>
    <subfield code="a">AMÉRICA CENTRAL</subfield>
  </datafield>
  <datafield ind2="4" ind1="1" tag="651">
    <subfield code="9">372</subfield>
    <subfield code="a">ESTADOS UNIDOS</subfield>
  </datafield>
  <datafield ind1=" " ind2=" " tag="942">
    <subfield code="2">z</subfield>
    <subfield code="c">04</subfield>
  </datafield>
</record>